<record><leader>00000cas a2200000 a 4500</leader><controlfield tag="001">11721646</controlfield><controlfield tag="008">850222d18901890ksumr ne      0   a0eng d</controlfield><datafield ind1=" " ind2=" " tag="010"><subfield code="a">sn 85030096 </subfield></datafield><datafield ind1=" " ind2=" " tag="040"><subfield code="a">KSH</subfield><subfield code="b">eng</subfield><subfield code="c">KSH</subfield><subfield code="d">NPT</subfield><subfield code="d">OCL</subfield><subfield code="d">OCLCQ</subfield></datafield><datafield ind1=" " ind2=" " tag="042"><subfield code="a">msc</subfield></datafield><datafield ind1="0" ind2=" " tag="130"><subfield code="a">Western advance (Dighton, Kan.)</subfield></datafield><datafield ind1="1" ind2="0" tag="245"><subfield code="a">Western advance.</subfield></datafield><datafield ind1=" " ind2=" " tag="260"><subfield code="a">Dighton, Kan. :</subfield><subfield code="b">Star Print. Co.,</subfield><subfield code="c">1890-</subfield></datafield><datafield ind1=" " ind2=" " tag="300"><subfield code="a">v. :</subfield><subfield code="b">ill. ;</subfield><subfield code="c">33 cm.</subfield></datafield><datafield ind1=" " ind2=" " tag="310"><subfield code="a">Monthly</subfield></datafield><datafield ind1="0" ind2=" " tag="362"><subfield code="a">Vol. 1, no. 1 (Mar. 1890)-</subfield></datafield><datafield ind1="1" ind2=" " tag="362"><subfield code="a">Ceased in June 1890?</subfield></datafield><datafield ind1=" " ind2=" " tag="500"><subfield code="a">"Agricultural and immigration interests."</subfield></datafield><datafield ind1=" " ind2=" " tag="752"><subfield code="a">United States</subfield><subfield code="b">Kansas</subfield><subfield code="c">Lane</subfield><subfield code="d">Dighton.</subfield></datafield></record>